@ARTICLE{simon2018,
   author = {{Simon}, J.~D.},
    title = "{Gaia Proper Motions and Orbits of the Ultra-Faint Milky Way Satellites}",
  journal = {ArXiv e-prints},
archivePrefix = "arXiv",
   eprint = {1804.10230},
 keywords = {Astrophysics - Astrophysics of Galaxies},
     year = 2018,
    month = apr,
   adsurl = {http://adsabs.harvard.edu/abs/2018arXiv180410230S},
  adsnote = {Provided by the SAO/NASA Astrophysics Data System}
}

@ARTICLE{gdr2_satellites,
   author = {{Gaia Collaboration} and {Helmi}, A. and {van Leeuwen}, F. and
	{McMillan}, P.~J. and {Massari}, D. and {Antoja}, T. and {Robin}, A. and
	{Lindegren}, L. and {Bastian}, U. and {co-authors}, 4.},
    title = "{Gaia Data Release 2: Kinematics of globular clusters and dwarf galaxies around the Milky Way}",
  journal = {ArXiv e-prints},
archivePrefix = "arXiv",
   eprint = {1804.09381},
 keywords = {Astrophysics - Astrophysics of Galaxies},
     year = 2018,
    month = apr,
   adsurl = {http://adsabs.harvard.edu/abs/2018arXiv180409381G},
  adsnote = {Provided by the SAO/NASA Astrophysics Data System}
}

@ARTICLE{Bullock:2017,
       author = {{Bullock}, James S. and {Boylan-Kolchin}, Michael},
        title = "{Small-Scale Challenges to the {\ensuremath{\Lambda}}CDM Paradigm}",
      journal = {Annual Review of Astronomy and Astrophysics},
     keywords = {Astrophysics - Cosmology and Nongalactic Astrophysics, High Energy
        Physics - Phenomenology},
         year = 2017,
        month = Aug,
       volume = {55},
        pages = {343-387},
          doi = {10.1146/annurev-astro-091916-055313},
 primaryClass = {astro-ph.CO},
       adsurl = {https://ui.adsabs.harvard.edu/#abs/2017ARA&A..55..343B},
      adsnote = {Provided by the SAO/NASA Astrophysics Data System}
}

@ARTICLE{Buckley:2017,
       author = {{Buckley}, Matthew R. and {Peter}, Annika H.~G.},
        title = "{Gravitational probes of dark matter physics}",
      journal = {ArXiv e-prints},
     keywords = {Astrophysics - Cosmology and Nongalactic Astrophysics, High Energy
        Physics - Phenomenology},
         year = 2017,
        month = Dec,
          eid = {arXiv:1712.06615},
        pages = {arXiv:1712.06615},
archivePrefix = {arXiv},
       eprint = {1712.06615},
 primaryClass = {astro-ph.CO},
       adsurl = {https://ui.adsabs.harvard.edu/#abs/2017arXiv171206615B},
      adsnote = {Provided by the SAO/NASA Astrophysics Data System}
}

@ARTICLE{Hogan:2000,
   author = {{Hogan}, C.~J. and {Dalcanton}, J.~J.},
    title = "{New dark matter physics: Clues from halo structure}",
  journal = {\prd},
   eprint = {astro-ph/0002330},
 keywords = {Dark matter},
     year = 2000,
    month = sep,
   volume = 62,
   number = 6,
      eid = {063511},
    pages = {063511},
      doi = {10.1103/PhysRevD.62.063511},
   adsurl = {http://adsabs.harvard.edu/abs/2000PhRvD..62f3511H},
  adsnote = {Provided by the SAO/NASA Astrophysics Data System}
}

@ARTICLE{Spergel:2000,
   author = {{Spergel}, D.~N. and {Steinhardt}, P.~J.},
    title = "{Observational Evidence for Self-Interacting Cold Dark Matter}",
  journal = {Physical Review Letters},
   eprint = {astro-ph/9909386},
     year = 2000,
    month = apr,
   volume = 84,
    pages = {3760-3763},
      doi = {10.1103/PhysRevLett.84.3760},
   adsurl = {http://adsabs.harvard.edu/abs/2000PhRvL..84.3760S},
  adsnote = {Provided by the SAO/NASA Astrophysics Data System}
}

@ARTICLE{Green:2004,
       author = {{Green}, Anne M. and {Hofmann}, Stefan and {Schwarz}, Dominik J.},
        title = "{The power spectrum of SUSY-CDM on subgalactic scales}",
      journal = {\mnras},
     keywords = {cosmology: theory, dark matter, early Universe, Astrophysics, High
        Energy Physics - Phenomenology},
         year = 2004,
        month = Sep,
       volume = {353},
        pages = {L23-L27},
          doi = {10.1111/j.1365-2966.2004.08232.x},
archivePrefix = {arXiv},
       eprint = {astro-ph/0309621},
 primaryClass = {astro-ph},
       adsurl = {https://ui.adsabs.harvard.edu/#abs/2004MNRAS.353L..23G},
      adsnote = {Provided by the SAO/NASA Astrophysics Data System}
}

@ARTICLE{Springel:2008,
       author = {{Springel}, V. and {Wang}, J. and {Vogelsberger}, M. and {Ludlow}, A.
        and {Jenkins}, A. and {Helmi}, A. and {Navarro}, J.~F. and
        {Frenk}, C.~S. and {White}, S.~D.~M.},
        title = "{The Aquarius Project: the subhaloes of galactic haloes}",
      journal = {\mnras},
     keywords = {methods: numerical, dark matter, Astrophysics},
         year = 2008,
        month = Dec,
       volume = {391},
        pages = {1685-1711},
          doi = {10.1111/j.1365-2966.2008.14066.x},
archivePrefix = {arXiv},
       eprint = {0809.0898},
 primaryClass = {astro-ph},
       adsurl = {https://ui.adsabs.harvard.edu/#abs/2008MNRAS.391.1685S},
      adsnote = {Provided by the SAO/NASA Astrophysics Data System}
}

@ARTICLE{Bode:2001,
       author = {{Bode}, Paul and {Ostriker}, Jeremiah P. and {Turok}, Neil},
        title = "{Halo Formation in Warm Dark Matter Models}",
      journal = {\apj},
     keywords = {Cosmology: Theory, Cosmology: Dark Matter, Galaxies: Formation,
        Galaxies: Halos, Methods: Numerical, Astrophysics},
         year = 2001,
        month = Jul,
       volume = {556},
        pages = {93-107},
          doi = {10.1086/321541},
archivePrefix = {arXiv},
       eprint = {astro-ph/0010389},
 primaryClass = {astro-ph},
       adsurl = {https://ui.adsabs.harvard.edu/#abs/2001ApJ...556...93B},
      adsnote = {Provided by the SAO/NASA Astrophysics Data System}
}

@ARTICLE{Peebles:2000,
       author = {{Peebles}, P.~J.~E.},
        title = "{Fluid Dark Matter}",
      journal = {\apj},
     keywords = {COSMOLOGY: DARK MATTER, GALAXIES: STRUCTURE, Astrophysics},
         year = 2000,
        month = May,
       volume = {534},
        pages = {L127-L129},
          doi = {10.1086/312677},
archivePrefix = {arXiv},
       eprint = {astro-ph/0002495},
 primaryClass = {astro-ph},
       adsurl = {https://ui.adsabs.harvard.edu/#abs/2000ApJ...534L.127P},
      adsnote = {Provided by the SAO/NASA Astrophysics Data System}
}

@ARTICLE{Mocz:2017,
       author = {{Mocz}, Philip and {Vogelsberger}, Mark and {Robles}, Victor H. and
        {Zavala}, Jes{\'u}s and {Boylan-Kolchin}, Michael and {Fialkov},
        Anastasia and {Hernquist}, Lars},
        title = "{Galaxy formation with BECDM - I. Turbulence and relaxation of idealized
        haloes}",
      journal = {\mnras},
     keywords = {methods: numerical, galaxies: haloes, dark matter, Astrophysics -
        Cosmology and Nongalactic Astrophysics},
         year = 2017,
        month = Nov,
       volume = {471},
        pages = {4559-4570},
          doi = {10.1093/mnras/stx1887},
 primaryClass = {astro-ph.CO},
       adsurl = {https://ui.adsabs.harvard.edu/#abs/2017MNRAS.471.4559M},
      adsnote = {Provided by the SAO/NASA Astrophysics Data System}
}

@ARTICLE{Vegetti:2012,
       author = {{Vegetti}, S. and {Lagattuta}, D.~J. and {McKean}, J.~P. and {Auger},
        M.~W. and {Fassnacht}, C.~D. and {Koopmans}, L.~V.~E.},
        title = "{Gravitational detection of a low-mass dark satellite galaxy at
        cosmological distance}",
      journal = {\nat},
     keywords = {Astrophysics - Cosmology and Nongalactic Astrophysics},
         year = 2012,
        month = Jan,
       volume = {481},
        pages = {341-343},
          doi = {10.1038/nature10669},
archivePrefix = {arXiv},
       eprint = {1201.3643},
 primaryClass = {astro-ph.CO},
       adsurl = {https://ui.adsabs.harvard.edu/#abs/2012Natur.481..341V},
      adsnote = {Provided by the SAO/NASA Astrophysics Data System}
}


@ARTICLE{Johnston:2002,
       author = {{Johnston}, Kathryn V. and {Spergel}, David N. and {Haydn}, Christian},
        title = "{How Lumpy Is the Milky Way's Dark Matter Halo?}",
      journal = {\apj},
     keywords = {Cosmology: Dark Matter, Galaxy: Halo, Galaxy: Kinematics and Dynamics,
        Galaxy: Structure, Astrophysics},
         year = 2002,
        month = May,
       volume = {570},
        pages = {656-664},
          doi = {10.1086/339791},
archivePrefix = {arXiv},
       eprint = {astro-ph/0111196},
 primaryClass = {astro-ph},
       adsurl = {https://ui.adsabs.harvard.edu/#abs/2002ApJ...570..656J},
      adsnote = {Provided by the SAO/NASA Astrophysics Data System}
}


@ARTICLE{Carlberg:2009,
       author = {{Carlberg}, R.~G.},
        title = "{Star Stream Folding by Dark Galactic Subhalos}",
      journal = {\apj},
     keywords = {dark matter, galaxies: dwarf, Galaxy: halo, Galaxy: kinematics and
        dynamics, Galaxy: structure, Local Group, Astrophysics -
        Cosmology and Nongalactic Astrophysics, Astrophysics -
        Astrophysics of Galaxies},
         year = 2009,
        month = Nov,
       volume = {705},
        pages = {L223-L226},
          doi = {10.1088/0004-637X/705/2/L223},
archivePrefix = {arXiv},
       eprint = {0908.4345},
 primaryClass = {astro-ph.CO},
       adsurl = {https://ui.adsabs.harvard.edu/#abs/2009ApJ...705L.223C},
      adsnote = {Provided by the SAO/NASA Astrophysics Data System}
}


@ARTICLE{Yoon:2011,
       author = {{Yoon}, Joo Heon and {Johnston}, Kathryn V. and {Hogg}, David W.},
        title = "{Clumpy Streams from Clumpy Halos: Detecting Missing Satellites with Cold
        Stellar Structures}",
      journal = {\apj},
     keywords = {cosmology: theory, dark matter, Galaxy: halo, Galaxy: kinematics and
        dynamics, Galaxy: structure, Astrophysics - Astrophysics of
        Galaxies},
         year = 2011,
        month = Apr,
       volume = {731},
          eid = {58},
        pages = {58},
          doi = {10.1088/0004-637X/731/1/58},
archivePrefix = {arXiv},
       eprint = {1012.2884},
 primaryClass = {astro-ph.GA},
       adsurl = {https://ui.adsabs.harvard.edu/#abs/2011ApJ...731...58Y},
      adsnote = {Provided by the SAO/NASA Astrophysics Data System}
}

@ARTICLE{Carlberg:2013,
       author = {{Carlberg}, R.~G.},
        title = "{The Dynamics of Star Stream Gaps}",
      journal = {\apj},
     keywords = {dark matter, Galaxy: kinematics and dynamics, Galaxy: structure,
        Astrophysics - Astrophysics of Galaxies},
         year = 2013,
        month = Oct,
       volume = {775},
          eid = {90},
        pages = {90},
          doi = {10.1088/0004-637X/775/2/90},
archivePrefix = {arXiv},
       eprint = {1307.1929},
 primaryClass = {astro-ph.GA},
       adsurl = {https://ui.adsabs.harvard.edu/#abs/2013ApJ...775...90C},
      adsnote = {Provided by the SAO/NASA Astrophysics Data System}
}

@ARTICLE{Carlberg:2012,
       author = {{Carlberg}, R.~G.},
        title = "{Dark Matter Sub-halo Counts via Star Stream Crossings}",
      journal = {\apj},
     keywords = {dark matter, galaxies: dwarf, Local Group, Astrophysics - Cosmology and
        Nongalactic Astrophysics, Astrophysics - Astrophysics of
        Galaxies},
         year = 2012,
        month = Mar,
       volume = {748},
          eid = {20},
        pages = {20},
          doi = {10.1088/0004-637X/748/1/20},
archivePrefix = {arXiv},
       eprint = {1109.6022},
 primaryClass = {astro-ph.CO},
       adsurl = {https://ui.adsabs.harvard.edu/#abs/2012ApJ...748...20C},
      adsnote = {Provided by the SAO/NASA Astrophysics Data System}
}

@ARTICLE{SiegalGaskins:2008,
       author = {{Siegal-Gaskins}, Jennifer M. and {Valluri}, Monica},
        title = "{Signatures of {\ensuremath{\Lambda}}CDM Substructure in Tidal Debris}",
      journal = {\apj},
     keywords = {cosmology: theory, dark matter, galaxies: structure, methods: N-body
        simulations, Astrophysics},
         year = 2008,
        month = Jul,
       volume = {681},
        pages = {40-52},
          doi = {10.1086/587450},
archivePrefix = {arXiv},
       eprint = {0710.0385},
 primaryClass = {astro-ph},
       adsurl = {https://ui.adsabs.harvard.edu/#abs/2008ApJ...681...40S},
      adsnote = {Provided by the SAO/NASA Astrophysics Data System}
}

@ARTICLE{Ibata:2002,
       author = {{Ibata}, R.~A. and {Lewis}, G.~F. and {Irwin}, M.~J. and {Quinn}, T.},
        title = "{Uncovering cold dark matter halo substructure with tidal streams}",
      journal = {\mnras},
     keywords = {galaxies: haloes, dark matter, Astrophysics},
         year = 2002,
        month = Jun,
       volume = {332},
        pages = {915-920},
          doi = {10.1046/j.1365-8711.2002.05358.x},
archivePrefix = {arXiv},
       eprint = {astro-ph/0110690},
 primaryClass = {astro-ph},
       adsurl = {https://ui.adsabs.harvard.edu/#abs/2002MNRAS.332..915I},
      adsnote = {Provided by the SAO/NASA Astrophysics Data System}
}


@ARTICLE{Erkal:2015,
       author = {{Erkal}, Denis and {Belokurov}, Vasily},
        title = "{Forensics of subhalo-stream encounters: the three phases of gap growth}",
      journal = {\mnras},
     keywords = {galaxies: haloes, galaxies: kinematics and dynamics, galaxies:
        structure, cosmology: theory, dark matter, Astrophysics -
        Astrophysics of Galaxies},
         year = 2015,
        month = Jun,
       volume = {450},
        pages = {1136-1149},
          doi = {10.1093/mnras/stv655},
archivePrefix = {arXiv},
       eprint = {1412.6035},
 primaryClass = {astro-ph.GA},
       adsurl = {https://ui.adsabs.harvard.edu/#abs/2015MNRAS.450.1136E},
      adsnote = {Provided by the SAO/NASA Astrophysics Data System}
}


@ARTICLE{Ngan:2016,
       author = {{Ngan}, Wayne and {Carlberg}, Raymond G. and {Bozek}, Brandon and
        {Wyse}, Rosemary F.~G. and {Szalay}, Alexander S. and {Madau},
        Piero},
        title = "{Dispersal of Tidal Debris in a Milky-Way-sized Dark Matter Halo}",
      journal = {\apj},
     keywords = {dark matter, galaxies: dwarf, galaxies: interactions, Galaxy: kinematics
        and dynamics, Astrophysics - Astrophysics of Galaxies},
         year = 2016,
        month = Feb,
       volume = {818},
          eid = {194},
        pages = {194},
          doi = {10.3847/0004-637X/818/2/194},
 primaryClass = {astro-ph.GA},
       adsurl = {https://ui.adsabs.harvard.edu/#abs/2016ApJ...818..194N},
      adsnote = {Provided by the SAO/NASA Astrophysics Data System}
}



@ARTICLE{Erkal:2015b,
       author = {{Erkal}, Denis and {Belokurov}, Vasily},
        title = "{Properties of dark subhaloes from gaps in tidal streams}",
      journal = {\mnras},
     keywords = {surveys, proper motions, galaxies: haloes, galaxies: kinematics and
        dynamics, galaxies: structure, Astrophysics - Astrophysics of
        Galaxies},
         year = 2015,
        month = Dec,
       volume = {454},
        pages = {3542-3558},
          doi = {10.1093/mnras/stv2122},
 primaryClass = {astro-ph.GA},
       adsurl = {https://ui.adsabs.harvard.edu/#abs/2015MNRAS.454.3542E},
      adsnote = {Provided by the SAO/NASA Astrophysics Data System}
}


@ARTICLE{Grillmair:2006,
       author = {{Grillmair}, C.~J. and {Dionatos}, O.},
        title = "{Detection of a 63{\textdegree} Cold Stellar Stream in the Sloan Digital
        Sky Survey}",
      journal = {\apj},
     keywords = {Galaxy: Halo, Galaxy: Structure, Galaxy: Globular Clusters: General,
        Astrophysics},
         year = 2006,
        month = May,
       volume = {643},
        pages = {L17-L20},
          doi = {10.1086/505111},
archivePrefix = {arXiv},
       eprint = {astro-ph/0604332},
 primaryClass = {astro-ph},
       adsurl = {https://ui.adsabs.harvard.edu/#abs/2006ApJ...643L..17G},
      adsnote = {Provided by the SAO/NASA Astrophysics Data System}
}


@ARTICLE{Grillmair:2014,
       author = {{Grillmair}, C.~J.},
        title = "{Two New Halo Debris Streams in the Sloan Digital Sky Survey}",
      journal = {\apj},
     keywords = {Galaxy: halo, Galaxy: structure, globular clusters: general,
        Astrophysics - Astrophysics of Galaxies},
         year = 2014,
        month = Jul,
       volume = {790},
          eid = {L10},
        pages = {L10},
          doi = {10.1088/2041-8205/790/1/L10},
archivePrefix = {arXiv},
       eprint = {1407.0397},
 primaryClass = {astro-ph.GA},
       adsurl = {https://ui.adsabs.harvard.edu/#abs/2014ApJ...790L..10G},
      adsnote = {Provided by the SAO/NASA Astrophysics Data System}
}

@ARTICLE{Amorisco:2016,
       author = {{Amorisco}, Nicola C. and {G{\'o}mez}, Facundo A. and {Vegetti}, Simona
        and {White}, Simon D.~M.},
        title = "{Gaps in globular cluster streams: giant molecular clouds can cause them
        too}",
      journal = {\mnras},
     keywords = {galaxies: haloes, galaxies: kinematics and dynamics, galaxies:
        structure, cosmology: theory, dark matter, Astrophysics -
        Astrophysics of Galaxies, Astrophysics - Cosmology and
        Nongalactic Astrophysics},
         year = 2016,
        month = Nov,
       volume = {463},
        pages = {L17-L21},
          doi = {10.1093/mnrasl/slw148},
 primaryClass = {astro-ph.GA},
       adsurl = {https://ui.adsabs.harvard.edu/#abs/2016MNRAS.463L..17A},
      adsnote = {Provided by the SAO/NASA Astrophysics Data System}
}

@ARTICLE{Price-Whelan:2016,
       author = {{Price-Whelan}, Adrian M. and {Sesar}, Branimir and {Johnston}, Kathryn
        V. and {Rix}, Hans-Walter},
        title = "{Spending Too Much Time at the Galactic Bar: Chaotic Fanning of the
        Ophiuchus Stream}",
      journal = {\apj},
     keywords = {Galaxy: evolution, Galaxy: halo, Galaxy: kinematics and dynamics,
        Galaxy: structure, globular clusters: general, stars: kinematics
        and dynamics, Astrophysics - Astrophysics of Galaxies},
         year = 2016,
        month = Jun,
       volume = {824},
          eid = {104},
        pages = {104},
          doi = {10.3847/0004-637X/824/2/104},
 primaryClass = {astro-ph.GA},
       adsurl = {https://ui.adsabs.harvard.edu/#abs/2016ApJ...824..104P},
      adsnote = {Provided by the SAO/NASA Astrophysics Data System}
}

@ARTICLE{Pearson:2017,
       author = {{Pearson}, Sarah and {Price-Whelan}, Adrian M. and {Johnston}, Kathryn
        V.},
        title = "{Gaps and length asymmetry in the stellar stream Palomar 5 as effects of
        Galactic bar rotation}",
      journal = {Nature Astronomy},
     keywords = {Astrophysics - Astrophysics of Galaxies},
         year = 2017,
        month = Aug,
       volume = {1},
        pages = {633-639},
          doi = {10.1038/s41550-017-0220-3},
 primaryClass = {astro-ph.GA},
       adsurl = {https://ui.adsabs.harvard.edu/#abs/2017NatAs...1..633P},
      adsnote = {Provided by the SAO/NASA Astrophysics Data System}
}

@ARTICLE{Kupper:2008,
       author = {{K{\"u}pper}, Andreas H.~W. and {MacLeod}, Andrew and {Heggie}, Douglas
        C.},
        title = "{On the structure of tidal tails}",
      journal = {\mnras},
     keywords = {methods: analytical, methods: N-body simulations, galaxies: kinematics
        and dynamics, galaxies: star clusters, Astrophysics},
         year = 2008,
        month = Jul,
       volume = {387},
        pages = {1248-1252},
          doi = {10.1111/j.1365-2966.2008.13323.x},
archivePrefix = {arXiv},
       eprint = {0804.2476},
 primaryClass = {astro-ph},
       adsurl = {https://ui.adsabs.harvard.edu/#abs/2008MNRAS.387.1248K},
      adsnote = {Provided by the SAO/NASA Astrophysics Data System}
}

@ARTICLE{Kupper:2015,
       author = {{K{\"u}pper}, Andreas H.~W. and {Balbinot}, Eduardo and {Bonaca}, Ana
        and {Johnston}, Kathryn V. and {Hogg}, David W. and {Kroupa},
        Pavel and {Santiago}, Basilio X.},
        title = "{Globular Cluster Streams as Galactic High-Precision
        Scales{\textemdash}the Poster Child Palomar 5}",
      journal = {\apj},
     keywords = {dark matter, Galaxy: fundamental parameters, Galaxy: halo, Galaxy:
        kinematics and dynamics, Galaxy: structure, globular clusters:
        individual: Palomar 5, Astrophysics - Astrophysics of Galaxies,
        Astrophysics - Solar and Stellar Astrophysics},
         year = 2015,
        month = Apr,
       volume = {803},
          eid = {80},
        pages = {80},
          doi = {10.1088/0004-637X/803/2/80},
 primaryClass = {astro-ph.GA},
       adsurl = {https://ui.adsabs.harvard.edu/#abs/2015ApJ...803...80K},
      adsnote = {Provided by the SAO/NASA Astrophysics Data System}
}


@ARTICLE{Price-Whelan:2018,
       author = {{Price-Whelan}, Adrian M. and {Bonaca}, Ana},
        title = "{Off the Beaten Path: Gaia Reveals GD-1 Stars outside of the Main Stream}",
      journal = {\apj},
     keywords = {dark matter, Galaxy: halo, Galaxy: kinematics and dynamics, Astrophysics
        - Astrophysics of Galaxies},
         year = 2018,
        month = Aug,
       volume = {863},
          eid = {L20},
        pages = {L20},
          doi = {10.3847/2041-8213/aad7b5},
 primaryClass = {astro-ph.GA},
       adsurl = {https://ui.adsabs.harvard.edu/#abs/2018ApJ...863L..20P},
      adsnote = {Provided by the SAO/NASA Astrophysics Data System}
}

@ARTICLE{astropy:2018,
       author = {{Astropy Collaboration} and {Price-Whelan}, A.~M. and {Sip{\'{o}}cz},
        B.~M. and {G{\"u}nther}, H.~M. and {Lim}, P.~L. and {Crawford},
        S.~M. and {Conseil}, S. and {Shupe}, D.~L. and {Craig}, M.~W.
        and {Dencheva}, N. and {Ginsburg}, A. and {VanderPlas}, J.~T.
        and {Bradley}, L.~D. and {P{\'e}rez-Su{\'a}rez}, D. and {de Val-
        Borro}, M. and {Aldcroft}, T.~L. and {Cruz}, K.~L. and
        {Robitaille}, T.~P. and {Tollerud}, E.~J. and {Ardelean}, C. and
        {Babej}, T. and {Bach}, Y.~P. and {Bachetti}, M. and {Bakanov},
        A.~V. and {Bamford}, S.~P. and {Barentsen}, G. and {Barmby}, P.
        and {Baumbach}, A. and {Berry}, K.~L. and {Biscani}, F. and
        {Boquien}, M. and {Bostroem}, K.~A. and {Bouma}, L.~G. and
        {Brammer}, G.~B. and {Bray}, E.~M. and {Breytenbach}, H. and
        {Buddelmeijer}, H. and {Burke}, D.~J. and {Calderone}, G. and
        {Cano Rodr{\'\i}guez}, J.~L. and {Cara}, M. and {Cardoso},
        J.~V.~M. and {Cheedella}, S. and {Copin}, Y. and {Corrales}, L.
        and {Crichton}, D. and {D'Avella}, D. and {Deil}, C. and
        {Depagne}, {\'E}. and {Dietrich}, J.~P. and {Donath}, A. and
        {Droettboom}, M. and {Earl}, N. and {Erben}, T. and {Fabbro}, S.
        and {Ferreira}, L.~A. and {Finethy}, T. and {Fox}, R.~T. and
        {Garrison}, L.~H. and {Gibbons}, S.~L.~J. and {Goldstein}, D.~A.
        and {Gommers}, R. and {Greco}, J.~P. and {Greenfield}, P. and
        {Groener}, A.~M. and {Grollier}, F. and {Hagen}, A. and {Hirst},
        P. and {Homeier}, D. and {Horton}, A.~J. and {Hosseinzadeh}, G.
        and {Hu}, L. and {Hunkeler}, J.~S. and {Ivezi{\'c}}, {\v{Z}}.
        and {Jain}, A. and {Jenness}, T. and {Kanarek}, G. and
        {Kendrew}, S. and {Kern}, N.~S. and {Kerzendorf}, W.~E. and
        {Khvalko}, A. and {King}, J. and {Kirkby}, D. and {Kulkarni},
        A.~M. and {Kumar}, A. and {Lee}, A. and {Lenz}, D. and
        {Littlefair}, S.~P. and {Ma}, Z. and {Macleod}, D.~M. and
        {Mastropietro}, M. and {McCully}, C. and {Montagnac}, S. and
        {Morris}, B.~M. and {Mueller}, M. and {Mumford}, S.~J. and
        {Muna}, D. and {Murphy}, N.~A. and {Nelson}, S. and {Nguyen},
        G.~H. and {Ninan}, J.~P. and {N{\"o}the}, M. and {Ogaz}, S. and
        {Oh}, S. and {Parejko}, J.~K. and {Parley}, N. and {Pascual}, S.
        and {Patil}, R. and {Patil}, A.~A. and {Plunkett}, A.~L. and
        {Prochaska}, J.~X. and {Rastogi}, T. and {Reddy Janga}, V. and
        {Sabater}, J. and {Sakurikar}, P. and {Seifert}, M. and
        {Sherbert}, L.~E. and {Sherwood-Taylor}, H. and {Shih}, A.~Y.
        and {Sick}, J. and {Silbiger}, M.~T. and {Singanamalla}, S. and
        {Singer}, L.~P. and {Sladen}, P.~H. and {Sooley}, K.~A. and
        {Sornarajah}, S. and {Streicher}, O. and {Teuben}, P. and
        {Thomas}, S.~W. and {Tremblay}, G.~R. and {Turner}, J.~E.~H. and
        {Terr{\'o}n}, V. and {van Kerkwijk}, M.~H. and {de la Vega}, A.
        and {Watkins}, L.~L. and {Weaver}, B.~A. and {Whitmore}, J.~B.
        and {Woillez}, J. and {Zabalza}, V. and {Astropy Contributors}},
        title = "{The Astropy Project: Building an Open-science Project and Status of the
        v2.0 Core Package}",
      journal = {\aj},
     keywords = {methods: data analysis, methods: miscellaneous, methods: statistical,
        reference systems, Astrophysics - Instrumentation and Methods
        for Astrophysics},
         year = 2018,
        month = Sep,
       volume = {156},
          eid = {123},
        pages = {123},
          doi = {10.3847/1538-3881/aabc4f},
 primaryClass = {astro-ph.IM},
       adsurl = {https://ui.adsabs.harvard.edu/#abs/2018AJ....156..123A},
      adsnote = {Provided by the SAO/NASA Astrophysics Data System}
}

@ARTICLE{astropy:2013,
       author = {{Robitaille}, Thomas P. and {Tollerud}, Erik J. and {Greenfield}, Perry
        and {Droettboom}, Michael and {Bray}, Erik and {Aldcroft}, Tom
        and {Davis}, Matt and {Ginsburg}, Adam and {Price-Whelan},
        Adrian M. and {Kerzendorf}, Wolfgang E. and {Conley}, Alexander
        and {Crighton}, Neil and {Barbary}, Kyle and {Muna}, Demitri and
        {Ferguson}, Henry and {Grollier}, Fr{\'e}d{\'e}ric and {Parikh},
        Madhura M. and {Nair}, Prasanth H. and {Unther}, Hans M. and
        {Deil}, Christoph and {Woillez}, Julien and {Conseil}, Simon and
        {Kramer}, Roban and {Turner}, James E.~H. and {Singer}, Leo and
        {Fox}, Ryan and {Weaver}, Benjamin A. and {Zabalza}, Victor and
        {Edwards}, Zachary I. and {Azalee Bostroem}, K. and {Burke},
        D.~J. and {Casey}, Andrew R. and {Crawford}, Steven M. and
        {Dencheva}, Nadia and {Ely}, Justin and {Jenness}, Tim and
        {Labrie}, Kathleen and {Lim}, Pey Lian and {Pierfederici},
        Francesco and {Pontzen}, Andrew and {Ptak}, Andy and {Refsdal},
        Brian and {Servillat}, Mathieu and {Streicher}, Ole},
        title = "{Astropy: A community Python package for astronomy}",
      journal = {\aap},
     keywords = {methods: data analysis, methods: miscellaneous, virtual observatory
        tools, Astrophysics - Instrumentation and Methods for
        Astrophysics},
         year = 2013,
        month = Oct,
       volume = {558},
          eid = {A33},
        pages = {A33},
          doi = {10.1051/0004-6361/201322068},
archivePrefix = {arXiv},
       eprint = {1307.6212},
 primaryClass = {astro-ph.IM},
       adsurl = {https://ui.adsabs.harvard.edu/#abs/2013A&A...558A..33A},
      adsnote = {Provided by the SAO/NASA Astrophysics Data System}
}

@ARTICLE{Foreman-Mackey:2013,
       author = {{Foreman-Mackey}, Daniel and {Hogg}, David W. and {Lang}, Dustin and
        {Goodman}, Jonathan},
        title = "{emcee: The MCMC Hammer}",
      journal = {Publications of the Astronomical Society of the Pacific},
     keywords = {Astrophysics - Instrumentation and Methods for Astrophysics, Physics -
        Computational Physics, Statistics - Computation},
         year = 2013,
        month = Mar,
       volume = {125},
        pages = {306},
          doi = {10.1086/670067},
archivePrefix = {arXiv},
       eprint = {1202.3665},
 primaryClass = {astro-ph.IM},
       adsurl = {https://ui.adsabs.harvard.edu/#abs/2013PASP..125..306F},
      adsnote = {Provided by the SAO/NASA Astrophysics Data System}
}

@article{Perez:2007,
	Author = {P\'erez, Fernando and Granger, Brian E.},
	Date-Added = {2017-08-04 07:38:09 +0000},
	Date-Modified = {2017-08-04 07:38:09 +0000},
	Doi = {10.1109/MCSE.2007.53},
	Issn = {1521-9615},
	Journal = {Computing in Science and Engineering},
	Month = may,
	Number = {3},
	Pages = {21--29},
	Publisher = {IEEE Computer Society},
	Title = {{IP}ython: a System for Interactive Scientific Computing},
	Url = {http://ipython.org},
	Volume = {9},
	Year = 2007,
	Bdsk-Url-1 = {http://ipython.org},
	Bdsk-Url-2 = {http://dx.doi.org/10.1109/MCSE.2007.53}}

@article{Van-der-Walt:2011,
	Author = {{Van der Walt}, {Stefan} and Colbert, S. Chris and Varoquaux, Gael},
	Date-Added = {2017-08-04 07:38:09 +0000},
	Date-Modified = {2017-08-04 07:38:09 +0000},
	Doi = {http://dx.doi.org/10.1109/MCSE.2011.37},
	Journal = {{Computing in Science \& Engineering}},
	Number = {2},
	Pages = {22-30},
	Title = {The NumPy Array: A Structure for Efficient Numerical Computation},
	Url = {http://scitation.aip.org/content/aip/journal/cise/13/2/10.1109/MCSE.2011.37},
	Volume = {13},
	Year = {2011},
	Bdsk-Url-1 = {http://scitation.aip.org/content/aip/journal/cise/13/2/10.1109/MCSE.2011.37},
	Bdsk-Url-2 = {http://dx.doi.org/10.1109/MCSE.2011.37}}

@article{Hunter:2007,
	Abstract = {Matplotlib is a 2D graphics package used for Python
  for application development, interactive scripting, and
  publication-quality image generation across user
  interfaces and operating systems.},
	Author = {Hunter, J. D.},
	Date-Added = {2017-08-04 07:38:09 +0000},
	Date-Modified = {2017-08-04 07:38:09 +0000},
	Journal = {Computing In Science \& Engineering},
	Number = {3},
	Pages = {90--95},
	Publisher = {IEEE COMPUTER SOC},
	Title = {Matplotlib: A 2D graphics environment},
	Volume = {9},
	Year = 2007}

@ARTICLE{Price-Whelan:2017,
       author = {{Price-Whelan}, Adrian M.},
        title = "{Gala: A Python package for galactic dynamics}",
      journal = {The Journal of Open Source Software},
     keywords = {galactic dynamics, python, stellar kinematics},
         year = 2017,
        month = Oct,
       volume = {2},
          eid = {388},
        pages = {388},
          doi = {10.21105/joss.00388},
       adsurl = {https://ui.adsabs.harvard.edu/#abs/2017JOSS....2..388P},
      adsnote = {Provided by the SAO/NASA Astrophysics Data System}
}
